<?xml version="1.0" encoding="utf-8"?>
<record xmlns="http://www.loc.gov/MARC21/slim" xmlns:xsi="http://www.w3.org/2001/XMLSchema-instance" xsi:schemaLocation="http://www.loc.gov/MARC21/slim http://www.loc.gov/standards/marcxml/schema/MARC21slim.xsd">
	<leader>     nam a22     Mi 4500</leader>
	<controlfield tag="001">2754637</controlfield>
	<controlfield tag="003">NjP</controlfield>
	<controlfield tag="006">m        d        </controlfield>
	<controlfield tag="007">cr cn |||m|||a</controlfield>
	<controlfield tag="008">190815m18861889ua      or    000 0 arar </controlfield>
	<datafield ind1=" " ind2=" " tag="040">
		<subfield code="a">ZYU</subfield>
		<subfield code="b">ara</subfield>
		<subfield code="e">rda</subfield>
		<subfield code="c">ZYU</subfield>
	</datafield>
	<datafield ind1=" " ind2=" " tag="043">
		<subfield code="a">f-ua---</subfield>
	</datafield>
	<datafield ind1="0" ind2="4" tag="050">
		<subfield code="a">DT44</subfield>
		<subfield code="b">.A5</subfield>
	</datafield>
	<datafield ind1="0" ind2=" " tag="100">
		<subfield code="6">880-01</subfield>
		<subfield code="a">ʻAlī Mubārak,</subfield>
		<subfield code="c">Bāshā,</subfield>
		<subfield code="d">1823 or 1824-1893.</subfield>
	</datafield>
	<datafield ind1="1" ind2="3" tag="245">
		<subfield code="6">880-02</subfield>
		<subfield code="a">al-Khiṭaṭ al-tawfīqīyah al-jadīdah li-Misr al-Qāhirah wa-mudunihā wa-bilādihā al-qadīmah wa-al-shahīrah /</subfield>
		<subfield code="c">taʼlīf ʻAlī Bāshā Mubārak.</subfield>
	</datafield>
	<datafield ind1=" " ind2=" " tag="250">
		<subfield code="6">880-03</subfield>
		<subfield code="a">al-Ṭabʻah 1.</subfield>
	</datafield>
	<datafield ind1=" " ind2=" " tag="260">
		<subfield code="6">880-04</subfield>
		<subfield code="a">Būlāq, Miṣr :</subfield>
		<subfield code="b">al-Maṭbaʻah al-Kubrá al-Amīrīyah,</subfield>
		<subfield code="c">1304-1306 [1886-1889]</subfield>
	</datafield>
	<datafield ind1=" " ind2=" " tag="300">
		<subfield code="a">online resource (20 volumes in 4.)</subfield>
	</datafield>
	<datafield ind1=" " ind2=" " tag="336">
		<subfield code="a">text</subfield>
		<subfield code="2">rdacontent</subfield>
	</datafield>
	<datafield ind1=" " ind2=" " tag="337">
		<subfield code="a">computer</subfield>
		<subfield code="2">rdamedia</subfield>
	</datafield>
	<datafield ind1=" " ind2=" " tag="338">
		<subfield code="a">online resource</subfield>
		<subfield code="2">rdacarrier</subfield>
	</datafield>
	<datafield ind1=" " ind2=" " tag="500">
		<subfield code="a">Part of the Arabic Collections Online (ACO) project, contributed by Princeton University Libraries.</subfield>
	</datafield>
	<datafield ind1=" " ind2=" " tag="533">
		<subfield code="a">Electronic reproduction.</subfield>
		<subfield code="b">New York, N.Y. :</subfield>
		<subfield code="c">New York University,</subfield>
		<subfield code="d">2019.</subfield>
		<subfield code="5">NNU</subfield>
	</datafield>
	<datafield ind1=" " ind2="0" tag="651">
		<subfield code="a">Egypt</subfield>
		<subfield code="v">Directories.</subfield>
	</datafield>
	<datafield ind1=" " ind2="0" tag="651">
		<subfield code="a">Egypt</subfield>
		<subfield code="v">Biography.</subfield>
	</datafield>
	<datafield ind1=" " ind2="0" tag="651">
		<subfield code="a">Egypt</subfield>
		<subfield code="x">History, Local.</subfield>
	</datafield>
	<datafield ind1=" " ind2="7" tag="651">
		<subfield code="a">Egypt.</subfield>
		<subfield code="2">fast</subfield>
		<subfield code="0">(OCoLC)fst01208755</subfield>
	</datafield>
	<datafield ind1=" " ind2="7" tag="655">
		<subfield code="a">Biography.</subfield>
		<subfield code="2">fast</subfield>
		<subfield code="0">(OCoLC)fst01423686</subfield>
	</datafield>
	<datafield ind1=" " ind2="7" tag="655">
		<subfield code="a">Directories.</subfield>
		<subfield code="2">fast</subfield>
		<subfield code="0">(OCoLC)fst01423796</subfield>
	</datafield>
	<datafield ind1=" " ind2="7" tag="655">
		<subfield code="a">Local history.</subfield>
		<subfield code="2">fast</subfield>
		<subfield code="0">(OCoLC)fst01411631</subfield>
	</datafield>
	<datafield ind1=" " ind2="7" tag="655">
		<subfield code="a">Directories.</subfield>
		<subfield code="2">lcgft</subfield>
	</datafield>
	<datafield ind1=" " ind2="4" tag="655">
		<subfield code="a">Biography.</subfield>
	</datafield>
	<datafield ind1="2" ind2=" " tag="710">
		<subfield code="a">Princeton University.</subfield>
		<subfield code="b">Library.</subfield>
	</datafield>
	<datafield ind1="0" ind2=" " tag="730">
		<subfield code="a">Arabic Collections Online.</subfield>
	</datafield>
	<datafield ind1="0" ind2="8" tag="776">
		<subfield code="i">Online version:</subfield>
		<subfield code="a">ʻAlī Mubārak, Bāshā, 1823 or 4-1893.</subfield>
		<subfield code="t">Khiṭaṭ al-tawfīqīyah al-jadīdah li-Misr al-Qāhirah wa-mudunihā wa-bilādihā al-qadīmah wa-al-shahīrah.</subfield>
		<subfield code="b">al-Ṭabʻah 1.</subfield>
		<subfield code="d">Būlāq Miṣr, al-Maṭbaʻah al-Kubrá al-Amīrīyah, 1304-1306 [1886-89]</subfield>
		<subfield code="w">(OCoLC)659305703</subfield>
	</datafield>
	<datafield ind1="0" ind2="8" tag="776">
		<subfield code="i">Print version:</subfield>
		<subfield code="a">ʻAlī Mubārak, Bāshā, 1823 or 1824-1893.</subfield>
		<subfield code="t">al-Khiṭaṭ al-tawfīqīyah al-jadīdah li-Misr al-Qāhirah wa-mudunihā wa-bilādihā al-qadīmah wa-al-shahīrah</subfield>
		<subfield code="w">(NjP)2754637</subfield>
		<subfield code="w">(DLC)   58042969 </subfield>
		<subfield code="w">(OCoLC)18688987</subfield>
	</datafield>
	<datafield ind1="4" ind2="0" tag="856">
		<subfield code="u">http://hdl.handle.net/2333.1/jh9w14cr</subfield>
	</datafield>
	<datafield ind1="0" ind2=" " tag="880">
		<subfield code="6">100-01</subfield>
		<subfield code="a">علي مبارك،</subfield>
		<subfield code="c">باشا،</subfield>
		<subfield code="d">1823 or 1824-1893.</subfield>
	</datafield>
	<datafield ind1="1" ind2="2" tag="880">
		<subfield code="6">245-02</subfield>
		<subfield code="a">الخطط التوفيقية الجديدة لمصر القاهرة ومدنها وبلادها القديمة و الشهيرة /</subfield>
		<subfield code="c">تأليف علي باشا مبارك.</subfield>
	</datafield>
	<datafield ind1=" " ind2=" " tag="880">
		<subfield code="6">250-03</subfield>
		<subfield code="a">الطبعة ١.</subfield>
	</datafield>
	<datafield ind1=" " ind2=" " tag="880">
		<subfield code="6">260-04</subfield>
		<subfield code="a">بولاق، مصر :</subfield>
		<subfield code="b">المطبعة الكبرى الاميرية،</subfield>
		<subfield code="c">1304-1306 [1886-1889]</subfield>
	</datafield>
	<datafield ind1=" " ind2=" " tag="959">
		<subfield code="a">NNU</subfield>
		<subfield code="b">WEB</subfield>
		<subfield code="c">GENI</subfield>
		<subfield code="t">0</subfield>
		<subfield code="m">Electronic access</subfield>
		<subfield code="s">01</subfield>
	</datafield>
	<datafield ind1=" " ind2=" " tag="999">
		<subfield code="i">NjP_2754637</subfield>
		<subfield code="o">(OCoLC)ocm18688987</subfield>
		<subfield code="s">princeton_aco002316:v.1-5</subfield>
		<subfield code="s">princeton_aco002331:v.6-10</subfield>
		<subfield code="s">princeton_aco002315:v.11-15</subfield>
		<subfield code="s">princeton_aco002314:v.16-20</subfield>
		<subfield code="s">princeton_aco002316:v.1-5</subfield>
		<subfield code="s">princeton_aco002331:v.6-10</subfield>
		<subfield code="s">princeton_aco002315:v.11-15</subfield>
		<subfield code="s">princeton_aco002314:v.16-20</subfield>
	</datafield>
</record>
